<?xml version="1.0" encoding="UTF-8"?><collection xmlns="http://www.loc.gov/MARC21/slim"><record><leader>00379nam--2200133-i-4500</leader><controlfield tag="001">000032565</controlfield><controlfield tag="002">20161230</controlfield><controlfield tag="005">20161230201039</controlfield><controlfield tag="008">060222s1000------------r-----000-0-eng-d</controlfield><datafield ind1=" " ind2=" " tag="080"><subfield code="a">543.064</subfield></datafield><datafield ind1=" " ind2=" " tag="100"><subfield code="a">Mizuike, Atsushi</subfield></datafield><datafield ind1=" " ind2=" " tag="245"><subfield code="a">Enrichment techniques for inorganic trace analysis. with 41 fig.and 49 tabl</subfield></datafield><datafield ind1=" " ind2=" " tag="260"><subfield code="a">Berlin, Springer-verlag, 1983, Viii + 144p</subfield></datafield><datafield ind1=" " ind2=" " tag="852"><subfield code="a">71232</subfield></datafield></record></collection>